@article{hung2017leading,
  title={Leading the iot, gartner insights on how to lead in a connected world},
  author={Hung, Mark},
  journal={Gartner Research},
  volume={1},
  pages={1--5},
  year={2017}
}

@article{jia2021se,
  title={SE-chain: a scalable storage and efficient retrieval model for blockchain},
  author={Jia, Da-Yu and Xin, Jun-Chang and Wang, Zhi-Qiong and Lei, Han and Wang, Guo-Ren},
  journal={Journal of Computer Science and Technology},
  volume={36},
  number={3},
  pages={693--706},
  year={2021},
  publisher={Springer}
}

@inproceedings{xu2019vchain,
  title={vchain: Enabling verifiable boolean range queries over blockchain databases},
  author={Xu, Cheng and Zhang, Ce and Xu, Jianliang},
  booktitle={Proceedings of the 2019 international conference on management of data},
  pages={141--158},
  year={2019}
  }
  
@inproceedings{wang2022vchain+,
  title={vchain+: Optimizing verifiable blockchain boolean range queries},
  author={Wang, Haixin and Xu, Cheng and Zhang, Ce and Xu, Jianliang and Peng, Zhe and Pei, Jian},
  booktitle={2022 IEEE 38th International Conference on Data Engineering (ICDE)},
  pages={1927--1940},
  year={2022},
  organization={IEEE}
}

@inproceedings{heo2017rt,
  title={Rt-ifttt: Real-time iot framework with trigger condition-aware flexible polling intervals},
  author={Heo, Seonyeong and Song, Seungbin and Kim, Jong and Kim, Hanjun},
  booktitle={2017 IEEE Real-Time Systems Symposium (RTSS)},
  pages={266--276},
  year={2017},
  organization={IEEE}
}

@inproceedings{zhu2019sebdb,
  title={SEBDB: Semantics empowered blockchain database},
  author={Zhu, Yanchao and Zhang, Zhao and Jin, Cheqing and Zhou, Aoying and Yan, Ying},
  booktitle={2019 IEEE 35th international conference on data engineering (ICDE)},
  pages={1820--1831},
  year={2019},
  organization={IEEE}
}

@inproceedings{li2023lvmt,
  title={$\{$LVMT$\}$: An efficient authenticated storage for blockchain},
  author={Li, Chenxing and Beillahi, Sidi Mohamed and Yang, Guang and Wu, Ming and Xu, Wei and Long, Fan},
  booktitle={17th USENIX Symposium on Operating Systems Design and Implementation (OSDI 23)},
  pages={135--153},
  year={2023}
}

@inproceedings{zhang2024cole,
  title={$\{$COLE$\}$: A Column-based Learned Storage for Blockchain Systems},
  author={Zhang, Ce and Xu, Cheng and Hu, Haibo and Xu, Jianliang},
  booktitle={22nd USENIX Conference on File and Storage Technologies (FAST 24)},
  pages={329--345},
  year={2024}
}

@inproceedings{zamani2018rapidchain,
  title={Rapidchain: Scaling blockchain via full sharding},
  author={Zamani, Mahdi and Movahedi, Mahnush and Raykova, Mariana},
  booktitle={Proceedings of the 2018 ACM SIGSAC conference on computer and communications security},
  pages={931--948},
  year={2018}
}

@article{hong2023gridb,
  title={Gridb: scaling blockchain database via sharding and off-chain cross-shard mechanism},
  author={Hong, Zicong and Guo, Song and Zhou, Enyuan and Chen, Wuhui and Huang, Huawei and Zomaya, Albert},
  journal={Proceedings of the VLDB Endowment},
  volume={16},
  number={7},
  pages={1685--1698},
  year={2023},
  publisher={VLDB Endowment}
}

@article{el2019blockchaindb,
  title={BlockchainDB: A shared database on blockchains},
  author={El-Hindi, Muhammad and Binnig, Carsten and Arasu, Arvind and Kossmann, Donald and Ramamurthy, Ravi},
  journal={Proceedings of the VLDB Endowment},
  volume={12},
  number={11},
  pages={1597--1609},
  year={2019},
  publisher={VLDB Endowment}
}

% 网络时延和距离的关系
@article{ziviani2005improving,
  title={Improving the accuracy of measurement-based geographic location of Internet hosts},
  author={Ziviani, Artur and Fdida, Serge and De Rezende, Jos{\'e} F and Duarte, Otto Carlos MB},
  journal={Computer Networks},
  volume={47},
  number={4},
  pages={503--523},
  year={2005},
  publisher={Elsevier}
}

@article{mcconaghy2016bigchaindb,
  title={Bigchaindb: a scalable blockchain database},
  author={McConaghy, Trent and Marques, Rodolphe and M{\"u}ller, Andreas and De Jonghe, Dimitri and McConaghy, Troy and McMullen, Greg and Henderson, Ryan and Bellemare, Sylvain and Granzotto, Alberto},
  journal={white paper, BigChainDB},
  pages={53--72},
  year={2016}
}


@misc{sia,
  title = {Sia},
  howpublished = {\url{https://sia.tech/}},
  note = {Accessed: [2024.4]}
}

@article{zhang2023edge,
  title={Edge Cloud Collaborative Stream Computing for Real-Time Structural Health Monitoring},
  author={Zhang, Wenzhao and Guo, Cheng and Gao, Yi and Dong, Wei},
  journal={arXiv preprint arXiv:2310.07130},
  year={2023}
}

@misc{ethereum,
  title = {Ethereum Block},
  year = 2023,
  howpublished = {\url{https://ethereum.org/zh/developers/docs/blocks/}}
}

@article{zhou2022mstdb,
  title={MSTDB: a hybrid storage-empowered scalable semantic blockchain database},
  author={Zhou, Enyuan and Hong, Zicong and Xiao, Yang and Zhao, Dongxiao and Pei, Qingqi and Guo, Song and Akerkar, Rajendra},
  journal={IEEE Transactions on Knowledge and Data Engineering},
  year={2022},
  publisher={IEEE}
}

@article{naqvi2017time,
  title={Time series databases and influxdb},
  author={Naqvi, Syeda Noor Zehra and Yfantidou, Sofia and Zim{\'a}nyi, Esteban},
  journal={Studienarbeit, Universit{\'e} Libre de Bruxelles},
  volume={12},
  pages={1--44},
  year={2017}
}

@inproceedings{xu2024filedes,
  title={{FileDES}: A Secure, Scalable and Succinct Decentralized Encrypted Storage Network},
  author={Minghui Xu and Jiahao Zhang and Hechuan Guo and Xiuzhen Cheng and Dongxiao Yu and Qin Hu and Yijun Li and Yipu Wu},
  booktitle={IEEE INFOCOM 2024-IEEE Conference on Computer Communications},
  pages={1--10},
  year={2024},
  organization={IEEE}
}

@incollection{bauer2022filecoin,
  title={Filecoin},
  author={Bauer, Davi Pedro},
  booktitle={Getting Started with Ethereum: A Step-by-Step Guide to Becoming a Blockchain Developer},
  pages={97--101},
  year={2022},
  publisher={Springer}
}

@inproceedings{weil2006ceph,
  title={Ceph: A scalable, high-performance distributed file system},
  author={Weil, Sage and Brandt, Scott A and Miller, Ethan L and Long, Darrell DE and Maltzahn, Carlos},
  booktitle={Proceedings of the 7th Conference on Operating Systems Design and Implementation (OSDI'06)},
  pages={307--320},
  year={2006}
}

@misc{hyperledger,
  title = {{Hyperledger Fabric Documentation}},
  howpublished = {\url{https://hyperledger-fabric.readthedocs.io/en/release-1.4/}},
  note = {Accessed: [2019.7]}
}

@inproceedings{barata2014ycsb,
  title={Ycsb and tpc-h: Big data and decision support benchmarks},
  author={Barata, Melyssa and Bernardino, Jorge and Furtado, Pedro},
  booktitle={2014 IEEE International Congress on Big Data},
  pages={800--801},
  year={2014},
  organization={IEEE}
}

@misc{aws,
  title = {AWS IoT},
  howpublished = {\url{https://aws.amazon.com/cn/iot/}},
  note = {Accessed: [2024.7]}
}

@misc{aliyun,
  title = {Aliyun IoT},
  howpublished = {\url{https://iot.aliyun.com/}},
  note = {Accessed: [2024.7]}
}

@inproceedings{chen2022blockchain,
  title={Blockchain based non-repudiable IoT data trading: Simpler, faster, and cheaper},
  author={Chen, Fei and Wang, Jiahao and Jiang, Changkun and Xiang, Tao and Yang, Yuanyuan},
  booktitle={IEEE INFOCOM 2022-IEEE Conference on Computer Communications},
  pages={1958--1967},
  year={2022},
  organization={IEEE}
}

@article{corbett2013spanner,
  title={Spanner: Google’s globally distributed database},
  author={Corbett, James C and Dean, Jeffrey and Epstein, Michael and Fikes, Andrew and Frost, Christopher and Furman, Jeffrey John and Ghemawat, Sanjay and Gubarev, Andrey and Heiser, Christopher and Hochschild, Peter and others},
  journal={ACM Transactions on Computer Systems (TOCS)},
  volume={31},
  number={3},
  pages={1--22},
  year={2013},
  publisher={ACM New York, NY, USA}
}

@article{lakshman2010cassandra,
  title={Cassandra: a decentralized structured storage system},
  author={Lakshman, Avinash and Malik, Prashant},
  journal={ACM SIGOPS operating systems review},
  volume={44},
  number={2},
  pages={35--40},
  year={2010},
  publisher={ACM New York, NY, USA}
}

@inproceedings{taft2020cockroachdb,
  title={Cockroachdb: The resilient geo-distributed sql database},
  author={Taft, Rebecca and Sharif, Irfan and Matei, Andrei and VanBenschoten, Nathan and Lewis, Jordan and Grieger, Tobias and Niemi, Kai and Woods, Andy and Birzin, Anne and Poss, Raphael and others},
  booktitle={Proceedings of the 2020 ACM SIGMOD international conference on management of data},
  pages={1493--1509},
  year={2020}
}

@article{benet2014ipfs,
  title={Ipfs-content addressed, versioned, p2p file system},
  author={Benet, Juan},
  journal={arXiv preprint arXiv:1407.3561},
  year={2014}
}

@article{vorick2014sia,
  title={Sia: Simple decentralized storage},
  author={Vorick, David and Champine, Luke},
  journal={Retrieved May},
  volume={8},
  pages={2018},
  year={2014}
}

@misc{storj2018storj,
  title={Storj: A decentralized cloud storage network framework},
  author={Storj Labs},
  year={2018}
}

@article{peng2022blockshare,
  title={BlockShare: A Blockchain empowered system for privacy-preserving verifiable data sharing.},
  author={Peng, Zhe and Xu, Jianliang and Hu, Haibo and Chen, Lei and Kong, H},
  journal={IEEE Data Eng. Bull.},
  volume={45},
  number={2},
  pages={14--24},
  year={2022}
}

@inproceedings{peng2020falcondb,
  title={FalconDB: Blockchain-based collaborative database},
  author={Peng, Yanqing and Du, Min and Li, Feifei and Cheng, Raymond and Song, Dawn},
  booktitle={Proceedings of the 2020 ACM SIGMOD international conference on management of data},
  pages={637--652},
  year={2020}
}

@inproceedings{qi2020bft,
  title={BFT-Store: Storage partition for permissioned blockchain via erasure coding},
  author={Qi, Xiaodong and Zhang, Zhao and Jin, Cheqing and Zhou, Aoying},
  booktitle={2020 IEEE 36th International Conference on Data Engineering (ICDE)},
  pages={1926--1929},
  year={2020},
  organization={IEEE}
}

@inproceedings{xu2018cub,
  title={CUB, a consensus unit-based storage scheme for blockchain system},
  author={Xu, Zihuan and Han, Siyuan and Chen, Lei},
  booktitle={2018 IEEE 34th International Conference on Data Engineering (ICDE)},
  pages={173--184},
  year={2018},
  organization={IEEE}
}

@article{xu2021slimchain,
  title={SlimChain: Scaling blockchain transactions through off-chain storage and parallel processing},
  author={Xu, Cheng and Zhang, Ce and Xu, Jianliang and Pei, Jian},
  journal={Proceedings of the VLDB Endowment},
  volume={14},
  number={11},
  pages={2314--2326},
  year={2021},
  publisher={VLDB Endowment}
}

@inproceedings{sukhwani2017performance,
  title={Performance modeling of PBFT consensus process for permissioned blockchain network (hyperledger fabric)},
  author={Sukhwani, Harish and Mart{\'\i}nez, Jos{\'e} M and Chang, Xiaolin and Trivedi, Kishor S and Rindos, Andy},
  booktitle={2017 IEEE 36th symposium on reliable distributed systems (SRDS)},
  pages={253--255},
  year={2017},
  organization={IEEE}
}

@inproceedings{zhang2019gem,
  title={Gem\^{} 2-tree: A gas-efficient structure for authenticated range queries in blockchain},
  author={Zhang, Ce and Xu, Cheng and Xu, Jianliang and Tang, Yuzhe and Choi, Byron},
  booktitle={2019 IEEE 35th international conference on data engineering (ICDE)},
  pages={842--853},
  year={2019},
  organization={IEEE}
}

@article{kanungo2002efficient,
  title={An efficient k-means clustering algorithm: Analysis and implementation},
  author={Kanungo, Tapas and Mount, David M and Netanyahu, Nathan S and Piatko, Christine D and Silverman, Ruth and Wu, Angela Y},
  journal={IEEE transactions on pattern analysis and machine intelligence},
  volume={24},
  number={7},
  pages={881--892},
  year={2002},
  publisher={IEEE}
}

@article{he2010laplacian,
  title={Laplacian regularized Gaussian mixture model for data clustering},
  author={He, Xiaofei and Cai, Deng and Shao, Yuanlong and Bao, Hujun and Han, Jiawei},
  journal={IEEE transactions on knowledge and data engineering},
  volume={23},
  number={9},
  pages={1406--1418},
  year={2010},
  publisher={IEEE}
}

@article{xu2005survey,
  title={Survey of clustering algorithms},
  author={Xu, Rui and Wunsch, Donald},
  journal={IEEE Transactions on neural networks},
  volume={16},
  number={3},
  pages={645--678},
  year={2005},
  publisher={Ieee}
}

@inproceedings{varghese2020unsupervised,
  title={Unsupervised temporal consistency metric for video segmentation in highly-automated driving},
  author={Varghese, Serin and Bayzidi, Yasin and Bar, Andreas and Kapoor, Nikhil and Lahiri, Sounak and Schneider, Jan David and Schmidt, Nico M and Schlicht, Peter and Huger, Fabian and Fingscheidt, Tim},
  booktitle={Proceedings of the IEEE/CVF conference on computer vision and pattern recognition workshops},
  pages={336--337},
  year={2020}
}

@article{bhatia2023artificial,
  title={Artificial intelligence based real-time earthquake prediction},
  author={Bhatia, Munish and Ahanger, Tariq Ahamed and Manocha, Ankush},
  journal={Engineering Applications of Artificial Intelligence},
  volume={120},
  pages={105856},
  year={2023},
  publisher={Elsevier}
}

@inproceedings{caesar2020nuscenes,
  title={nuscenes: A multimodal dataset for autonomous driving},
  author={Caesar, Holger and Bankiti, Varun and Lang, Alex H and Vora, Sourabh and Liong, Venice Erin and Xu, Qiang and Krishnan, Anush and Pan, Yu and Baldan, Giancarlo and Beijbom, Oscar},
  booktitle={Proceedings of the IEEE/CVF conference on computer vision and pattern recognition},
  pages={11621--11631},
  year={2020}
}
@inproceedings{psaras2020interplanetary,
  title={The interplanetary file system and the filecoin network},
  author={Psaras, Yiannis and Dias, David},
  booktitle={2020 50th Annual IEEE-IFIP International Conference on Dependable Systems and Networks-Supplemental Volume (DSN-S)},
  pages={80--80},
  year={2020},
  organization={IEEE}
}

@inproceedings{brantner2008building,
  title={Building a database on S3},
  author={Brantner, Matthias and Florescu, Daniela and Graf, David and Kossmann, Donald and Kraska, Tim},
  booktitle={Proceedings of the 2008 ACM SIGMOD international conference on Management of data},
  pages={251--264},
  year={2008}
}

@article{gashi2007fault,
  title={Fault tolerance via diversity for off-the-shelf products: A study with SQL database servers},
  author={Gashi, Ilir and Popov, Peter and Strigini, Lorenzo},
  journal={IEEE Transactions on Dependable and Secure Computing},
  volume={4},
  number={4},
  pages={280--294},
  year={2007},
  publisher={IEEE}
}

@article{mangas2022wotemu,
  title={WoTemu: An emulation framework for edge computing architectures based on the Web of Things},
  author={Mangas, Andr{\'e}s Garc{\'\i}a and Alonso, Francisco Jos{\'e} Su{\'a}rez and Mart{\'\i}nez, Daniel Fernando Garc{\'\i}a and D{\'\i}az, Fidel D{\'\i}ez},
  journal={Computer Networks},
  volume={209},
  pages={108868},
  year={2022},
  publisher={Elsevier}
}

@inproceedings{yuan2021coopedge,
  title={Coopedge: A decentralized blockchain-based platform for cooperative edge computing},
  author={Yuan, Liang and He, Qiang and Tan, Siyu and Li, Bo and Yu, Jiangshan and Chen, Feifei and Jin, Hai and Yang, Yun},
  booktitle={Proceedings of the Web Conference 2021},
  pages={2245--2257},
  year={2021}
}

@inproceedings{yuan2023pipeedge,
  title={PipeEdge: A trusted pipelining collaborative edge training based on blockchain},
  author={Yuan, Liang and He, Qiang and Chen, Feifei and Dou, Ruihan and Jin, Hai and Yang, Yun},
  booktitle={Proceedings of the ACM Web Conference 2023},
  pages={3033--3043},
  year={2023}
}

@article{jafari2021survey,
  title={A survey on locality sensitive hashing algorithms and their applications},
  author={Jafari, Omid and Maurya, Preeti and Nagarkar, Parth and Islam, Khandker Mushfiqul and Crushev, Chidambaram},
  journal={arXiv preprint arXiv:2102.08942},
  year={2021}
}

@article{chi2017hashing,
  title={Hashing techniques: A survey and taxonomy},
  author={Chi, Lianhua and Zhu, Xingquan},
  journal={ACM Computing Surveys (Csur)},
  volume={50},
  number={1},
  pages={1--36},
  year={2017},
  publisher={ACM New York, NY, USA}
}

@inproceedings{landge2018secured,
  title={Secured IoT through hashing using MD5},
  author={Landge, Irfan A and Satopay, Hannan},
  booktitle={2018 fourth international conference on advances in electrical, electronics, information, communication and bio-informatics (AEEICB)},
  pages={1--5},
  year={2018},
  organization={IEEE}
}

@inproceedings{xiao2023decentralized,
  title={A decentralized truth discovery approach to the blockchain oracle problem},
  author={Xiao, Yang and Zhang, Ning and Lou, Wenjing and Hou, Y Thomas},
  booktitle={IEEE INFOCOM 2023-IEEE Conference on Computer Communications},
  pages={1--10},
  year={2023},
  organization={IEEE}
}

@inproceedings{corneo2021surrounded,
  title={Surrounded by the clouds: A comprehensive cloud reachability study},
  author={Corneo, Lorenzo and Eder, Maximilian and Mohan, Nitinder and Zavodovski, Aleksandr and Bayhan, Suzan and Wong, Walter and Gunningberg, Per and Kangasharju, Jussi and Ott, J{\"o}rg},
  booktitle={Proceedings of the Web Conference 2021},
  pages={295--304},
  year={2021}
}

@article{xiong2018offload,
  author={Xiong, Zehui and Feng, Shaohan and Wang, Wenbo and Niyato, Dusit and Wang, Ping and Han, Zhu},
  journal={IEEE Internet of Things Journal}, 
  title={Cloud/Fog Computing Resource Management and Pricing for Blockchain Networks}, 
  year={2019},
  volume={6},
  number={3},
  pages={4585-4600},
  doi={10.1109/JIOT.2018.2871706}
}

@inproceedings{jiang2019offload,
  author={Jiang, Suhan and Li, Xinyi and Wu, Jie},
  booktitle={2019 IEEE 39th International Conference on Distributed Computing Systems (ICDCS)},
  title={Hierarchical Edge-Cloud Computing for Mobile Blockchain Mining Game}, 
  year={2019},
  volume={},
  number={},
  pages={1327-1336},
  doi={10.1109/ICDCS.2019.00133}
}

@article{zuo2021offload,
  author={Zuo, Yiping and Jin, Shi and Zhang, Shengli and Zhang, Yan},
  journal={IEEE Internet of Things Journal}, 
  title={Blockchain Storage and Computation Offloading for Cooperative Mobile-Edge Computing}, 
  year={2021},
  volume={8},
  number={11},
  pages={9084-9098},
  doi={10.1109/JIOT.2021.3056656}
}
  
@article{liu2018mining_pool,
  author={Liu, Xiaojun and Wang, Wenbo and Niyato, Dusit and Zhao, Narisa and Wang, Ping},
  journal={IEEE Wireless Communications Letters}, 
  title={Evolutionary Game for Mining Pool Selection in Blockchain Networks}, 
  year={2018},
  volume={7},
  number={5},
  pages={760-763},
  doi={10.1109/LWC.2018.2820009}
}
  
@misc{zuo2019nonce,
  title={Computation Offloading in the Untrusted MEC-aided Mobile Blockchain IoT System}, 
  author={Yiping Zuo and Shi Jin and Shengli Zhang},
  year={2019},
  eprint={1911.08255},
  archivePrefix={arXiv},
  primaryClass={cs.IT}
}

@article{houy2014bitcoin,
  title={The bitcoin mining game},
  author={Houy, Nicolas},
  journal={Available at SSRN 2407834},
  year={2014}
}

@article{tschorsch2016bitcoin,
  title={Bitcoin and beyond: A technical survey on decentralized digital currencies},
  author={Tschorsch, Florian and Scheuermann, Bj{\"o}rn},
  journal={IEEE Communications Surveys \& Tutorials},
  volume={18},
  number={3},
  pages={2084--2123},
  year={2016},
  publisher={IEEE}
}

@book{han2012game,
  title={Game theory in wireless and communication networks: theory, models, and applications},
  author={Han, Zhu},
  year={2012},
  publisher={Cambridge university press}
}

@article{yang2019integrated,
  title={Integrated blockchain and edge computing systems: A survey, some research issues and challenges},
  author={Yang, Ruizhe and Yu, F Richard and Si, Pengbo and Yang, Zhaoxin and Zhang, Yanhua},
  journal={IEEE Communications Surveys \& Tutorials},
  volume={21},
  number={2},
  pages={1508--1532},
  year={2019},
  publisher={IEEE}
}

% not used
@article{zhang2018blockchain,
  title={Blockchain based efficient and robust fair payment for outsourcing services in cloud computing},
  author={Zhang, Yinghui and Deng, Robert H and Liu, Ximeng and Zheng, Dong},
  journal={Information Sciences},
  volume={462},
  pages={262--277},
  year={2018},
  publisher={Elsevier}
}

@article{nakamoto2008bitcoin,
  title={Bitcoin: A peer-to-peer electronic cash system},
  author={Nakamoto, Satoshi},
  journal={Decentralized business review},
  year={2008}
}

@article{gai2018blockchain,
  title={Blockchain-enabled reengineering of cloud datacenters},
  author={Gai, Keke and Choo, Kim-Kwang Raymond and Zhu, Liehuang},
  journal={IEEE Cloud Computing},
  volume={5},
  number={6},
  pages={21--25},
  year={2018},
  publisher={IEEE}
}

% not used
@article{gai2019permissioned,
  title={Permissioned blockchain and edge computing empowered privacy-preserving smart grid networks},
  author={Gai, Keke and Wu, Yulu and Zhu, Liehuang and Xu, Lei and Zhang, Yan},
  journal={IEEE Internet of Things Journal},
  volume={6},
  number={5},
  pages={7992--8004},
  year={2019},
  publisher={IEEE}
}

% not used
@article{ramezan2018blockchain,
  title={A blockchain-based contractual routing protocol for the internet of things using smart contracts},
  author={Ramezan, Gholamreza and Leung, Cyril and others},
  journal={Wireless Communications and Mobile Computing},
  volume={2018},
  year={2018},
  publisher={Hindawi}
}

@article{zhao2019coalition,
  title={Coalition game-based computation resource allocation for wireless blockchain networks},
  author={Zhao, Ning and Wu, Hao and Chen, Yali},
  journal={IEEE internet of things journal},
  volume={6},
  number={5},
  pages={8507--8518},
  year={2019},
  publisher={IEEE}
}

@article{gai2020blockchain,
  title={Blockchain meets cloud computing: A survey},
  author={Gai, Keke and Guo, Jinnan and Zhu, Liehuang and Yu, Shui},
  journal={IEEE Communications Surveys \& Tutorials},
  volume={22},
  number={3},
  pages={2009--2030},
  year={2020},
  publisher={IEEE}
}

@inproceedings{ehmke2018proof,
  title={Proof-of-property: a lightweight and scalable blockchain protocol},
  author={Ehmke, Christopher and Wessling, Florian and Friedrich, Christoph M},
  booktitle={Proceedings of the 1st international workshop on emerging trends in software engineering for blockchain},
  pages={48--51},
  year={2018}
}

@inproceedings{kim2019scc,
  title={SCC: Storage compression consensus for blockchain in lightweight IoT network},
  author={Kim, Teasung and Noh, Jaewon and Cho, Sunghyun},
  booktitle={2019 IEEE International Conference on Consumer Electronics (ICCE)},
  pages={1--4},
  year={2019},
  organization={IEEE}
}

@inproceedings{zamani2018rapidchain,
  title={Rapidchain: Scaling blockchain via full sharding},
  author={Zamani, Mahdi and Movahedi, Mahnush and Raykova, Mariana},
  booktitle={Proceedings of the 2018 ACM SIGSAC conference on computer and communications security},
  pages={931--948},
  year={2018}
}

@article{biswas2019pobt,
  title={PoBT: A lightweight consensus algorithm for scalable IoT business blockchain},
  author={Biswas, Sujit and Sharif, Kashif and Li, Fan and Maharjan, Sabita and Mohanty, Saraju P and Wang, Yu},
  journal={IEEE Internet of Things Journal},
  volume={7},
  number={3},
  pages={2343--2355},
  year={2019},
  publisher={IEEE}
}

@misc{iota,
  author={Serguei Popov},
  title={The Tangle},
  howpublished={\url{https://assets.ctfassets.net/r1dr6vzfxhev/\\2t4uxvsIqk0EUau6g2sw0g/45eae33637ca92f85dd9f4a3a218e1ec/iota1_4_3.pdf}},
  year={2018}
}

@phdthesis{buchman2016tendermint,
  title={Tendermint: Byzantine fault tolerance in the age of blockchains},
  author={Buchman, Ethan},
  year={2016},
  school={University of Guelph}
}

@misc{ethereum_block,
  author = {Ethereum},
  title = {{Ethereum Block}},
  year = 2023,
  howpublished = {\url{https://ethereum.org/zh/developers/docs/\\blocks/}}
}

@misc{eos_block,
  author = {EOS},
  title = {{EOS White Paper}},
  year = 2023,
  howpublished = {\url{https://github.com/EOSIO/Documentation/\\blob/master/TechnicalWhitePaper.md}}
}

@misc{solana,
  author = {Solana},
  title = {{Solana}},
  year = 2023,
  howpublished = {\url{https://github.com/solana-labs/solana/issues/21917}}
}

@misc{hyperledger_fabric,
  author = {Hyperleder Fabric},
  title = {{Default Block Interval of Hyperleder Fabric}},
  year = 2023,
  howpublished = {\url{https://hyperledger-fabric.readthedocs.io/en/latest/config_update.html?highlight=2s#sample-channel-configuration}}
}

% data transporting latency
@misc{data_fetch,
  author = {Aliyun},
  title = {{Aliyun}},
  year = 2023,
  howpublished = {\url{https://aliyun.lanka.cn/}}
}

@misc{dash,
  author = {Dash},
  title = {{Dash}},
  year = 2023,
  howpublished = {\url{https://www.dash.org/}}
}


% not used Bitcoin improvement high tpt
@inproceedings{sompolinsky2015secure,
  title={Secure high-rate transaction processing in bitcoin},
  author={Sompolinsky, Yonatan and Zohar, Aviv},
  booktitle={Financial Cryptography and Data Security: 19th International Conference, FC 2015, San Juan, Puerto Rico, January 26-30, 2015, Revised Selected Papers 19},
  pages={507--527},
  year={2015},
  organization={Springer}
}

% sharding 1
@inproceedings{li2020decentralized,
  title={A decentralized blockchain with high throughput and fast confirmation},
  author={Li, Chenxin and Li, Peilun and Zhou, Dong and Yang, Zhe and Wu, Ming and Yang, Guang and Xu, Wei and Long, Fan and Yao, Andrew Chi-Chih},
  booktitle={2020 USENIX Annual Technical Conference (USENIX ATC 20)},
  pages={515--528},
  year={2020}
}

% sharding 2
@inproceedings{crain2021red,
  title={Red belly: A secure, fair and scalable open blockchain},
  author={Crain, Tyler and Natoli, Christopher and Gramoli, Vincent},
  booktitle={2021 IEEE Symposium on Security and Privacy (SP)},
  pages={466--483},
  year={2021},
  organization={IEEE}
}

% sharding 3
@inproceedings{hong2021pyramid,
  title={Pyramid: A layered sharding blockchain system},
  author={Hong, Zicong and Guo, Song and Li, Peng and Chen, Wuhui},
  booktitle={IEEE INFOCOM 2021-IEEE Conference on Computer Communications},
  pages={1--10},
  year={2021},
  organization={IEEE}
}

% sharding 4
@inproceedings{wang2019monoxide,
  title={Monoxide: Scale out blockchains with asynchronous consensus zones},
  author={Wang, Jiaping and Wang, Hao},
  booktitle={16th USENIX symposium on networked systems design and implementation (NSDI 19)},
  pages={95--112},
  year={2019}
}

% computer networking 
@book{topdown,
  title={Computer networking: A top-down approach featuring the internet, 3/E},
  author={Kurose, James F},
  year={2005},
  publisher={Pearson Education India}
}

% lightweight1
@article{andola2020poewal,
  title={PoEWAL: A lightweight consensus mechanism for blockchain in IoT},
  author={Andola, Nitish and Venkatesan, Sharannya and Verma, Shekhar and others},
  journal={Pervasive and Mobile Computing},
  volume={69},
  pages={101291},
  year={2020},
  publisher={Elsevier}
}

% lightweight2
@article{xie2023hlochain,
  title={HLOChain: A Hierarchical Blockchain Framework with Lightweight Consensus and Optimized Storage for IoT},
  author={Xie, Qingqing and Dong, Fan and Feng, Xia and others},
  journal={Security and Communication Networks},
  volume={2023},
  year={2023},
  publisher={Hindawi}
}

% web3
@article{liu2021make,
  title={Make web3. 0 connected},
  author={Liu, Zhuotao and Xiang, Yangxi and Shi, Jian and Gao, Peng and Wang, Haoyu and Xiao, Xusheng and Wen, Bihan and Li, Qi and Hu, Yih-Chun},
  journal={IEEE transactions on dependable and secure computing},
  volume={19},
  number={5},
  pages={2965--2981},
  year={2021},
  publisher={IEEE}
}

@article{cao2022decentralized,
  title={Decentralized ai: Edge intelligence and smart blockchain, metaverse, web3, and desci},
  author={Cao, Longbing},
  journal={IEEE Intelligent Systems},
  volume={37},
  number={3},
  pages={6--19},
  year={2022},
  publisher={IEEE}
}

% web3 more devices
@inproceedings{khan2023affirm,
  title={AFFIRM: Privacy-by-Design Blockchain for Mobility Data in Web3 using Information Centric Fog Networks with Collaborative Learning},
  author={Khan, Junaid Ahmed and Ozbay, Kaan},
  booktitle={2023 International Conference on Computing, Networking and Communications (ICNC)},
  pages={456--462},
  year={2023},
  organization={IEEE}
}

% sharding vulnerbility
@inproceedings{wust2020ace,
  title={ACE: Asynchronous and concurrent execution of complex smart contracts},
  author={W{\"u}st, Karl and Matetic, Sinisa and Egli, Silvan and Kostiainen, Kari and Capkun, Srdjan},
  booktitle={Proceedings of the 2020 ACM SIGSAC Conference on Computer and Communications Security},
  pages={587--600},
  year={2020}
}

% filecoin
@inproceedings{psaras2020interplanetary,
  title={The interplanetary file system and the filecoin network},
  author={Psaras, Yiannis and Dias, David},
  booktitle={2020 50th Annual IEEE-IFIP International Conference on Dependable Systems and Networks-Supplemental Volume (DSN-S)},
  pages={80--80},
  year={2020},
  organization={IEEE}
}



% IC
@inproceedings{arutyunyan2023decentralized,
  title={Decentralized and Stateful Serverless Computing on the Internet Computer Blockchain},
  author={Arutyunyan, Maksym and Berestovskyy, Andriy and Bratschi-Kaye, Adam and Degenbaev, Ulan and Drijvers, Manu and El-Ashi, Islam and Kaestle, Stefan and Kashitsyn, Roman and Kot, Maciej and Pignolet, Yvonne-Anne and others},
  booktitle={2023 USENIX Annual Technical Conference (USENIX ATC 23)},
  pages={329--343},
  year={2023}
}

% Cloud Remote
@inproceedings{cloudyIMC2021,
author= {Dang, The Khang and Mohan, Nitinder and Corneo, Lorenzo and Zavodovski, Aleksandr and Ott, Jörg and Kangasharju, Jussi},
title={{Cloudy with a Chance of Short RTTs: Analyzing Cloud Connectivity in the Internet}},
booktitle = {Proceedings of Internet Measurement Conference},
publisher = {Association for Computing Machinery},
address = {New York, NY, USA},
url = {https://doi.org/10.1145/3487552.3487854},
doi = {10.1145/3487552.3487854},
year={2021},
series = {IMC '21}
}